@book{TeXBook,
    author = {Knuth, Donald E.},
    title = {The {TeXbook}},
    subtitle = {A complete user's guide to computer typesetting with {TEX}},
    publisher = {Addison-Wesley},
    year = 1984,
    keywords = {TeX},
    isbn = {0-201-13447-0},
}


@online{BeamerManual,
    author = {Tantau, Till and Wright, Joseph and MiletiÄ‡, Vedran},
    title = {The beamer class User Guide for version 3.69.},
    date = {2023-02-20},
    url = {https://tug.ctan.org/macros/latex/contrib/beamer/doc/beameruserguide.pdf},
}

@online{TikzManual,
    author = {Tantau, Till},
    title = {{TikZ} and {PGF} Manual},
    date = {2023-01-15},
    url = {https://ftp.gwdg.de/pub/ctan/graphics/pgf/base/doc/pgfmanual.pdf},
}

@online{BibLaTeXManual,
    author = {Kime, Philip and Wemheuer, Moritz and Lehman, Philipp},
    title = {The biblatex Package},
    subtitle = {Programmable Bibliographies and Citations},
    date = {2023-03-05},
    url = {https://ctan.kako-dev.de/macros/latex/contrib/biblatex/doc/biblatex.pdf},
}
